@Article{deeplearning,
	title = {A Deep-Network Solution Towards Model-Less Obstacle Avoidance},
	author = {L. Tai, S. Li and M. Liu},
	journal = {Proceedings of the IEEE/RSJ International Conference on Intelligent Robots and Systems},
	year = {2016}
	}

@Article{gnt,
	title = {Collision prediction based genetic network
programming-reinforcement learning for mobile robot navigation in unknown dynamic environments},
	author = {A. H. M. Findi, M. H. Marhaban, R. Kamil and M. K. Hassan},
	journal = {J.Electr. Eng. Technol. 12},
	year = {2017}
	}

@Article{erl,
	title = {Effective Reinforcement Learning for Mobile Robots},
	author = {W. D. Smart and L. P. Kaelbling},
	journal = {Proceedings of the IEEE International Conference on Robotics and Automation},
	year = {2002}
	}

@Article{arl,
	title = {A Reinforcement Learning Approach to Obstacle Avoidance of Mobile
Robots},
	author = {K. Macek, I. Petrovic and N. Peric},
	journal = {Proceedings of the InternationalWorkshop on Advanced Motion Control, Maribor},
	year = {2002}
	}

@Article{rbm,
	title = {Reinforcement based mobile robot navigation in dynamic environment},
	author = {M. A. K. Jaradat, M. AlRousan and L. Quadan},
	journal = {Robot. Comput.Integr. Manuf},
	year = {2011}
	}


